
@article{jones2003user,
  title={A user-centred approach to functions in Excel},
  author={Jones, Simon Peyton and Blackwell, Alan and Burnett, Margaret},
  journal={ACM SIGPLAN Notices},
  volume={38},
  number={9},
  pages={165--176},
  year={2003},
  publisher={ACM}
}

@inproceedings{hermans_2015_19341,
  author       = {Hermans, Felienne and van der Storm, Tijs},
  title        = {{Copy-Paste Tracking: Fixing Spreadsheets Without 
                   Breaking Them}},
  booktitle    = {{Proceedings of the First International Conference 
                   on Live Coding (ICLC'15)}},
  year         = 2015,
  pages        = {104--109}
}


@book{mugridge2005fit,
  title={Fit for developing software: framework for integrated tests},
  author={Mugridge, Rick and Cunningham, Ward},
  year={2005},
  publisher={Pearson Education}
}


@inproceedings{lieberman1995bridging,
  title={Bridging the gulf between code and behavior in programming},
  author={Lieberman, Henry and Fry, Christopher},
  booktitle={Proceedings of the SIGCHI conference on Human factors in computing systems},
  pages={480--486},
  year={1995},
  organization={ACM Press/Addison-Wesley Publishing Co.}
}


@inproceedings{maloney_directness_1995,
	address = {New York, NY, USA},
	series = {{UIST} '95},
	title = {Directness and {Liveness} in the {Morphic} {User} {Interface} {Construction} {Environment}},
	isbn = {0-89791-709-X},
	url = {http://doi.acm.org/10.1145/215585.215636},
	doi = {10.1145/215585.215636},
	urldate = {2015-10-28},
	booktitle = {Proceedings of the 8th {Annual} {ACM} {Symposium} on {User} {Interface} and {Software} {Technology}},
	publisher = {ACM},
	author = {Maloney, John H. and Smith, Randall B.},
	year = {1995},
	keywords = {animation, automatic layout, direct manipulation, directness, live editing, liveness, structural reification, user interface construction, user interface frameworks},
	pages = {21--28},
	file = {ACM Full Text PDF:C\:\\Users\\Felienne\\AppData\\Roaming\\Zotero\\Zotero\\Profiles\\dgizxtry.default\\zotero\\storage\\NZ4683II\\Maloney and Smith - 1995 - Directness and Liveness in the Morphic User Interf.pdf:application/pdf}
}



@incollection{Victor2012,
  author = {Bret Victor},
  title = {Inventing on Principle},
  organization = {Invited talk at the Canadian University Software Engineering Conference (CUSEC)},
  year = 2012,
  url = {http://vimeo.com/36579366},
  urldate = {2015-10-08}
}


@incollection{burnett_visual_2001,
	title = {Visual {Programming}},
	copyright = {Copyright Â© 1999 by John Wiley \& Sons, Inc.},
	isbn = {978-0-471-34608-1},
	url = {http://onlinelibrary.wiley.com/doi/10.1002/047134608X.W1707/abstract},
	abstract = {The sections in this article are},
	language = {en},
	urldate = {2015-10-29},
	booktitle = {Wiley {Encyclopedia} of {Electrical} and {Electronics} {Engineering}},
	publisher = {John Wiley \& Sons, Inc.},
	author = {Burnett, Margaret M.},
	year = {2001},
	file = {Snapshot:C\:\\Users\\Felienne\\AppData\\Roaming\\Zotero\\Zotero\\Profiles\\dgizxtry.default\\zotero\\storage\\42HVS3TN\\abstract\;jsessionid=890D77C4F34271648DB0D377BF7AFA8C.html:text/html}
}

@article{shneiderman_direct_1983,
	title = {Direct {Manipulation}: {A} {Step} {Beyond} {Programming} {Languages}},
	volume = {16},
	issn = {0018-9162},
	shorttitle = {Direct {Manipulation}},
	doi = {10.1109/MC.1983.1654471},
	abstract = {Not Available},
	number = {8},
	journal = {Computer},
	author = {Shneiderman, B.},
	month = aug,
	year = {1983},
	keywords = {Command languages, Computer interfaces, Computer languages, Displays, Human factors, Interactive systems, Office automation, Power system modeling, Publishing, user interfaces},
	pages = {57--69},
	file = {IEEE Xplore Abstract Record:C\:\\Users\\Felienne\\AppData\\Roaming\\Zotero\\Zotero\\Profiles\\dgizxtry.default\\zotero\\storage\\KUIDWSPM\\abs_all.html:text/html;IEEE Xplore Full Text PDF:C\:\\Users\\Felienne\\AppData\\Roaming\\Zotero\\Zotero\\Profiles\\dgizxtry.default\\zotero\\storage\\GTU84IMD\\Shneiderman - 1983 - Direct Manipulation A Step Beyond Programming Lan.pdf:application/pdf}
}
